@book{pharr2010,
	author = {Matt Pharr and Greg Humphreys},
	title = {Physically Based Rendering, Second Edition: From Theory To Implementation},
	year = {2010},
	isbn = {0123750792, 9780123750792},
	edition = {2nd},
	publisher = {Morgan Kaufmann Publishers Inc.},
	address = {San Francisco, CA, USA},
}

@article{whitted1980,
	author = {Whitted, Turner},
	title = {An Improved Illumination Model for Shaded Display},
	journal = {Commun. ACM},
	issue_date = {June 1980},
	volume = {23},
	number = {6},
	month = jun,
	year = {1980},
	issn = {0001-0782},
	pages = {343--349},
	numpages = {7},
	doi = {10.1145/358876.358882},
	acmid = {358882},
	publisher = {ACM},
	address = {New York, NY, USA},
	keywords = {computer animation, computer graphics, raster displays, shading, visible surface algorithms},
}

@article{cook1984,
	author = {Cook, Robert L. and Porter, Thomas and Carpenter, Loren},
	title = {Distributed Ray Tracing},
	journal = {SIGGRAPH Comput. Graph.},
	issue_date = {July 1984},
	volume = {18},
	number = {3},
	month = jan,
	year = {1984},
	issn = {0097-8930},
	pages = {137--145},
	numpages = {9},
	doi = {10.1145/964965.808590},
	acmid = {808590},
	publisher = {ACM},
	address = {New York, NY, USA},
	keywords = {Camera, Constructive solid geometry, Depth of field, Focus, Gloss, Motion blur, Penumbras, Ray tracing, Shadows, Translucency, Transparency},
} 
