@misc{rust,
	author = {{Mozilla Research}},
	title = {The {Rust} Programming Language},
	year = "2010",
	url = {http://rust-lang.org/},
	note = {\url{http://rust-lang.org/}, acessado em Agosto de 2014}
}

@misc{servo,
	author = {{Mozilla Research}},
	title = {The {Servo} Browser Engine},
	year = "2012",
	url = {https://github.com/servo/servo},
	note = {\url{https://github.com/servo/servo}, acessado em Agosto de 2014}
}

@misc{zinc,
	author = {Vladimir Pouzanov},
	title = {{Zinc}, the bare metal stack for Rust},
	year = "2014",
	url = {http://zinc.rs/}
	note = {\url{http://zinc.rs/}, acessado em Agosto de 2014}
}

@article{tofte1997,
	title = "Region-Based Memory Management",
	journal = "Information and Computation",
	volume = "132",
	number = "2",
	pages = "109 - 176",
	year = "1997",
	issn = "0890-5401",
	doi = "10.1006/inco.1996.2613",
	author = "Mads Tofte and Jean-Pierre Talpin"
}

@book{milner1997,
	title={The Definition of Standard ML: Revised},
	author={Robin Milner},
	isbn={9780262631815},
	lccn={gb97053933},
	year={1997},
	publisher={MIT Press}
}

@incollection{scharli2003,
	year={2003},
	isbn={978-3-540-40531-3},
	booktitle={ECOOP 2003 – Object-Oriented Programming},
	volume={2743},
	series={Lecture Notes in Computer Science},
	editor={Cardelli, Luca},
	doi={10.1007/978-3-540-45070-2_12},
	title={Traits: Composable Units of Behaviour},
	publisher={Springer Berlin Heidelberg},
	keywords={Inheritance; mixins; multiple inheritance; traits; reuse; Smalltalk},
	author={SCHÄRLI, Nathanael and Ducasse, Stéphane and Nierstrasz, Oscar and Black, Andrew P.},
	pages={248-274},
	language={English}
}

@inproceedings{lattner2004,
	author={Chris Lattner and Vikram Adve},
	booktitle={Code Generation and Optimization, 2004. CGO 2004. International Symposium on},
	title={{LLVM}: a compilation framework for lifelong program analysis transformation},
	year={2004},
	month={March},
	pages={75-86},
	keywords={C language;exception handling;optimising compilers;program diagnostics;virtual machines;code representation;compiler framework;compiler performance;compiler transformations;exception handling;language-independent type-system;low level virtual machine;program analysis;program transformation;static single assignment form;typed address arithmetic;Algorithm design and analysis;Application software;Arithmetic;High level languages;Information analysis;Performance analysis;Program processors;Runtime;Software safety;Virtual machining},
	doi={10.1109/CGO.2004.1281665},
}

@inproceedings{holk2013,
	author={Eric Holk and Milinda Pathirage and Arun Chauhan and Andrew Lumsdaine and Nicholas D. Matsakis},
	booktitle={Parallel and Distributed Processing Symposium Workshops PhD Forum (IPDPSW), 2013 IEEE 27th International},
	title={{GPU} Programming in {Rust}: Implementing High-Level Abstractions in a Systems-Level Language},
	year={2013},
	month={May},
	pages={315-324},
	keywords={embedded systems;graphics processing units;instruction sets;parallel architectures;parallel processing;CUDA;GPU programming;NVIDIA;OpenCL;data parallel computing;embedded domain specific languages;ergonomic abstractions;graphics processing units;high level abstractions;rust programming language;systems level language;virtual instruction set;Generators;Graphics processing units;Instruction sets;Kernel;Libraries;Programming;GPUs;Harlan;LLVM;Mozilla Rust;PTX},
	doi={10.1109/IPDPSW.2013.173},
}

@book{jones2003,
  title={Haskell 98 language and libraries: the revised report},
  author={Jones, Simon L Peyton},
  year={2003},
  publisher={Cambridge University Press}
}

@misc{rust-guide,
	author = {{Rust Project Developers}},
	title = {The {Rust} Guide},
	year = "2014",
	url = {http://doc.rust-lang.org/guide.html},
	note = {\url{http://doc.rust-lang.org/guide.html}, acessado em Novembro de 2014}
}

@misc{rust-lifetimes,
	author = {{Rust Project Developers}},
	title = {The {Rust} References and Lifetimes Guide},
	year = "2014",
	url = {http://doc.rust-lang.org/guide-lifetimes.html},
	note = {\url{http://doc.rust-lang.org/guide-lifetimes.html}, acessado em Novembro de 2014}
}

@misc{openmp40,
	author = {{OpenMP Architecture Review Board}},
	title = {{OpenMP} Application Program Interface, Version 4.0},
	year={2013},
	month={July},
	url = {http://openmp.org/wp/openmp-specifications/},
	note = {\url{http://openmp.org/wp/openmp-specifications/}, acessado em Novembro de 2014}
}

@article{grossman2002,
	author = {Grossman, Dan and Morrisett, Greg and Jim, Trevor and Hicks, Michael and Wang, Yanling and Cheney, James},
	title = {Region-based Memory Management in Cyclone},
	journal = {SIGPLAN Not.},
	issue_date = {May 2002},
	volume = {37},
	number = {5},
	month = may,
	year = {2002},
	issn = {0362-1340},
	pages = {282--293},
	numpages = {12},
	url = {http://doi.acm.org/10.1145/543552.512563},
	doi = {10.1145/543552.512563},
	acmid = {512563},
	publisher = {ACM},
	address = {New York, NY, USA},
}

@inproceedings{wadler1989,
	author = {Wadler, P. and Blott, S.},
	title = {How to Make Ad-hoc Polymorphism Less Ad Hoc},
	booktitle = {Proceedings of the 16th ACM SIGPLAN-SIGACT Symposium on Principles of Programming Languages},
	series = {POPL '89},
	year = {1989},
	isbn = {0-89791-294-2},
	location = {Austin, Texas, USA},
	pages = {60--76},
	numpages = {17},
	url = {http://doi.acm.org/10.1145/75277.75283},
	doi = {10.1145/75277.75283},
	acmid = {75283},
	publisher = {ACM},
	address = {New York, NY, USA},
}
